@article{bharat97,
  author    = {Bharat, K. and Broder, A.},
  title     = {A Technique for Measuring the Relative Size and Overlap
               of Public Web Search Engines.},
  journal   = {Computer Networks},
  volume    = {30},
  number    = {1-7},
  year      = {1998},
  pages     = {379-388}
}

@inproceedings{agrawal94,
    author={Agrawal, R. and Srikant, R.},
    title={Fast Algorithms for Mining Association Rules},
    booktitle={VLDB},
    year={1994},
    publisher={Morgan Kaufmann},
    pages={487-499}
}

@article{baeza04,
    author={Baeza-Yates, R.},
    title={Query Usage Mining in Search Engines},
    journal={Web Mining: Applications and Techniques, Anthony Scime, editor. Idea Group},
    year={2004}
}

@inbook{baeza99,
    author={Baeza-Yates, R. and Ribeiro-Neto, B.},
    title={Modern Information Retrieval},
    year={1999},
    publisher={Addison-Wesley}
}

@conference{beeferman00,
    author={Beeferman, D. and Berger, A.},
    title={Agglomerative Clustering of a Search Engine Query Log},
    booktitle={Proceedings of the sixth ACM SIGKDD International Conference on Knowledege
        Discovery and Data Mining, Boston, MA, USA},
    year={2000},
    month={August},
    publisher={ACM Press},
    pages={407 - 416}
}


@article{booley99,
    author={Boley, D. and Gini, M. and Gross, R. and Han, S. and Hastings, K. and Kary,
        G.},
    title={Partitioning-Based Clustering for Web Document Categorization},
    journal={Decision Support Systems},
    year={1999},
    volume={27},
    number={3},
    pages={329-341}
}

@book{mitchell96,
    author={Mitchell, T.},
    title={Machine learning},
    publisher={McGraw Hill},
    year={1996}
}

@techreport{oconnor99,
    author={Oconnor, M. and Herlocker, J.},
    title={Clustering items for collaborative filtering},
    institution={University of Minnesota},
    year={1999},
    address={Minneapolis}
}

@unpublished{oneill02,
    author={Oneill, E. and Lavoie, B. and McClain, P},
    title={OCLC Web Characterization},
    note={http://wcp.oclc.org/},
    year={2002}
}

@BOOK{hernandez98,
  AUTHOR =       "{Hern\'{a}ndez,  Fern\'{a}ndez,  y  Baptista}",
  TITLE =        "Metodolog\'{\i}a de investigaci\'{o}n",
  PUBLISHER =    "McGraw Hill Interamerican",
  YEAR =         "1998",
  note =     "Segunda Edici\'{o}n",
 }

% mi cosito

@book{elmasri2002fundamentos,
  title={Fundamentos de sistemas de bases de datos},
  author={Elmasri, R. and Navathe, S. and Castillo, V. and Espiga, B. and P{\'e}rez, G.},
  publisher={},
  year={2002},
  publisher={Addison Wesley}
}

@book{sommerville2005ingenieria,
  title={Ingenier{\'\i}a del software},
  author={Sommerville, I.},
  year={2005},
  publisher={Pearson Educaci{\'o}n}
}

@book{pressman2005ingenieria,
  title={Ingenier{\'\i}a de Software},
  author={Pressman, R.},
  year={2005},
  publisher={Mc Graw Hill, M{\'e}xico}
}

@book{ramos2006sistemas,
  title={Sistemas Gestores de Base de Datos},
  author={Ramos, M. and Ramos, A. and Montero, F.},
  year={2006},
  publisher={Mc Graw Hill, M{\'e}xico}
}

@book{campus2006,
  title={Bases de Datos},
  author={Campus, R. and Casillas, L. and Costal, D. and Gibert, M. and  Mart\'in C. and P\'erez O.},
  year={2006},
  publisher={Eureca Media}
}

@book{database2005,
  title={Database Systems, a Practical Aproach to Design, Implementation, and Management},
  author={Connolly, T. and Begg, C.},
  year={2005},
  publisher={Addison Wesley}
}

@article{valverde1994algebra,
  title={{\'A}lgebra relacional como lenguaje de acceso a bases de datos relacionales},
  author={Moreno, G. and Rojo, T. and González P.},
  journal={Ensayos: Revista de la Facultad de Educaci{\'o}n de Albacete},
  number={9},
  pages={309--326},
  year={1994},
  publisher={Escuela Universitaria de Magisterio de Albacete}
}

@article{velazquez2013herramienta,
  title={Herramienta para la creaci{\'o}n y ejecuci{\'o}n de consultas en {\'A}lgebra Relacional},
  author={Perdomo, Y.},
  journal={Serie Cient{\'\i}fica},
  volume={6},
  number={3},
  year={2013}
}

@article{hernandez2002herramienta,
  title={Una Herramienta para el Aprendizaje del {\'A}lgebra Relacional},
  author={Hern{\'a}ndez, C. and Crespo, Y. and Romay, P. and Laguna, M.},
  journal={VIII Jornadas de ense{\~n}anza Universitaria de la Inform{\'a}tica (JENUI)},
  year={2002}
}

@inproceedings{yuspeirote,
  author={Artigas, S. and Yus, R.},
  title={Herramienta para el aprendizaje del álgebra relacional y optimización de consultas},
  year={2010}
}

@book{parr2007antlr,
  author = {Parr, T.},
  title = {The Definitive ANTLR Reference: Building Domain-Specific Languages},
  year = {2007},
  publisher = {Pragmatic Bookshelf},
}

@online{javaserverfaces,
author = {Oracle},
title = {Java Server Faces Technology},
howpublished  = "\url{http://docs.oracle.com/javaee/7/tutorial/doc/jsf-intro.htm}",
note = "\'Ultimo acceso 24-07-2014"
}